/home/czhang/work/vir/doc/iedoc/liquid.bib